<?xml version="1.0" encoding="UTF-8"?>
<record xmlns="http://www.loc.gov/MARC21/slim" xmlns:xsi="http://www.w3.org/2001/XMLSchema-instance" xsi:schemaLocation="http://www.loc.gov/MARC21/slim http://www.loc.gov/standards/marcxml/schema/MARC21slim.xsd">
<leader>00000cam a22      a 4500</leader>
<controlfield tag="001">002186311</controlfield>
<controlfield tag="003">NNU</controlfield>
<controlfield tag="005">20150622163505.0</controlfield>
<controlfield tag="008">941014s1897    ua            000 0 ara d</controlfield>
<datafield tag="035" ind1=" " ind2=" ">
<subfield code="a">(OCoLC)122961062</subfield>
</datafield>
<datafield tag="040" ind1=" " ind2=" ">
<subfield code="a">NNU</subfield>
<subfield code="b">eng</subfield>
<subfield code="c">ZYU</subfield>
<subfield code="d">OCLCG</subfield>
<subfield code="d">OCLCA</subfield>
<subfield code="d">OCLCQ</subfield>
<subfield code="d">N15</subfield>
<subfield code="d">OCLCF</subfield>
<subfield code="d">OCLCO</subfield>
<subfield code="d">NNU</subfield>
</datafield>
<datafield tag="050" ind1=" " ind2="4">
<subfield code="a">BP189.7.S52</subfield>
<subfield code="b">A58 1897</subfield>
</datafield>
<datafield tag="100" ind1="1" ind2=" ">
<subfield code="6">880-01</subfield>
<subfield code="a">Abū al-Hudá al-Ṣayyādī, Muḥammad ibn Ḥasan Wādī,</subfield>
<subfield code="d">1849 or 1850-1910 or 1911.</subfield>
</datafield>
<datafield tag="240" ind1="1" ind2="0">
<subfield code="6">880-02</subfield>
<subfield code="a">Qilādat al-naḥr fī sharḥ ḥizb al-baḥr</subfield>
</datafield>
<datafield tag="245" ind1="1" ind2="0">
<subfield code="6">880-03</subfield>
<subfield code="a">Kitāb Qilādat al-naḥr fī sharḥ ḥizb al-baḥr /</subfield>
<subfield code="c">taʼlīf Muḥammad Abī al-Hudá al-Ṣayyādī al-Rifāʻī al-Ḥusaynī.</subfield>
</datafield>
<datafield tag="260" ind1=" " ind2=" ">
<subfield code="6">880-04</subfield>
<subfield code="a">Miṣr :</subfield>
<subfield code="b">al-Maṭbaʻah al-ʻUmūmīyah,</subfield>
<subfield code="c">1315 [1897 or 1898]</subfield>
</datafield>
<datafield tag="300" ind1=" " ind2=" ">
<subfield code="a">68 pages ;</subfield>
<subfield code="c">24 cm</subfield>
</datafield>
<datafield tag="336" ind1=" " ind2=" ">
<subfield code="a">text</subfield>
<subfield code="b">txt</subfield>
<subfield code="2">rdacontent</subfield>
</datafield>
<datafield tag="337" ind1=" " ind2=" ">
<subfield code="a">unmediated</subfield>
<subfield code="b">n</subfield>
<subfield code="2">rdamedia</subfield>
</datafield>
<datafield tag="338" ind1=" " ind2=" ">
<subfield code="a">volume</subfield>
<subfield code="b">nc</subfield>
<subfield code="2">rdacarrier</subfield>
</datafield>
<datafield tag="600" ind1="1" ind2="0">
<subfield code="6">880-05</subfield>
<subfield code="a">Shādhilī, Abū al-Ḥasan ʻAlī ibn ʻAbd Allāh,</subfield>
<subfield code="d">approximately 1196-1258.</subfield>
</datafield>
<datafield tag="650" ind1=" " ind2="0">
<subfield code="a">Shādhilīyah.</subfield>
</datafield>
<datafield tag="600" ind1="1" ind2="7">
<subfield code="a">Shādhilī, Abū al-Ḥasan ʻAlī ibn ʻAbd Allāh,</subfield>
<subfield code="d">approximately 1196-1258.</subfield>
<subfield code="2">fast</subfield>
<subfield code="0">(OCoLC)fst01846922</subfield>
</datafield>
<datafield tag="650" ind1=" " ind2="7">
<subfield code="a">Shādhilīyah.</subfield>
<subfield code="2">fast</subfield>
<subfield code="0">(OCoLC)fst01198519</subfield>
</datafield>
<datafield tag="776" ind1="0" ind2="8">
<subfield code="i">Online version:</subfield>
<subfield code="a">Abū al-Hudá al-Ṣayyādī, Muḥammad ibn Ḥasan Wādī, 1849 or 50-1910 or 11.</subfield>
<subfield code="s">Qilādat al-naḥr fī sharḥ ḥizb al-baḥr.</subfield>
<subfield code="t">Kitāb Qilādat al-naḥr fī sharḥ ḥizb al-baḥr.</subfield>
<subfield code="d">Miṣr : al-Maṭbaʻah al-ʻUmūmīyah, 1315 [1897 or 1898]</subfield>
<subfield code="w">(OCoLC)780152171</subfield>
</datafield>
<datafield tag="880" ind1="0" ind2=" ">
<subfield code="6">100-01/</subfield>
<subfield code="a">محمد أبي الهدى الصيادي الرفاعي الحسيني،</subfield>
<subfield code="d">1849 or 1850-1910 or 1911.</subfield>
</datafield>
<datafield tag="880" ind1="1" ind2="0">
<subfield code="6">240-02/</subfield>
<subfield code="a">قلادة النحر في شرح حزب البحر</subfield>
</datafield>
<datafield tag="880" ind1="1" ind2="0">
<subfield code="6">245-03/</subfield>
<subfield code="a">كتاب قلادة النحر في شرح حزب البحر /</subfield>
<subfield code="c">تأليف محمد أبي الهدى الصيادي الرفاعي الحسيني.</subfield>
</datafield>
<datafield tag="880" ind1=" " ind2=" ">
<subfield code="6">260-04/</subfield>
<subfield code="a">مصر :</subfield>
<subfield code="b">المطبعة العمومية،</subfield>
<subfield code="c">1315 [1897 or 1898]</subfield>
</datafield>
<datafield tag="880" ind1="1" ind2="4">
<subfield code="6">600-05/</subfield>
<subfield code="a">شاذلي، ابو الحسن علي بن عبد الله،</subfield>
<subfield code="d">approximately 1196-1258.</subfield>
</datafield>
<datafield tag="OWN" ind1=" " ind2=" ">
<subfield code="a">GENERAL</subfield>
</datafield>
<datafield tag="AVA" ind1=" " ind2=" ">
<subfield code="a">NYU50</subfield>
<subfield code="b">BOBST</subfield>
<subfield code="c">Main Collection</subfield>
<subfield code="d">BP189.7.S52 A58 1897</subfield>
<subfield code="e">unavailable</subfield>
<subfield code="t">Unavailable</subfield>
<subfield code="f">1</subfield>
<subfield code="g">1</subfield>
<subfield code="h">N</subfield>
<subfield code="i">0</subfield>
<subfield code="j">MAIN</subfield>
<subfield code="k">0</subfield>
</datafield>
</record>
